

% Below is a BibTeX-field that contains citation data for my PhD. thesis
@PhdThesis{Ridderstrom:2003:LLC,
  author      = {test Christian Ridderström},
  title	      = {test Legged locomotion: {B}alance, control and tools --- from
        equation to action},
  school      = {The Royal Inst. of Technology},
  year	      = 2003,
  address     = {SE-100 44 Stockholm, Sweden},
  month	      = may,
  annote      = {ref:CAS-Warp, ref:Christian, my thesis,
        http://media.lib.kth.se:8080/dissengrefhit.asp?dissnr=3510},
  affiliation = g-S:CAS,
  url	      = {http://www.md.kth.se/~cas/publications},
  location    = {online},
}

@BOOK{testBook, 
author={Everett, G. and McLeod, R.}, 
title={Software Testing(Testing Across the Entire Software Development Life Cycle)}, 
year={2006}, 
month={}, 
volume={}, 
number={}, 
pages={345}, 
keywords={}, 
doi={}, 
ISSN={},}

@INPROCEEDINGS{5954343, 
author={Bong-Hwan Oh and Jaiyong Lee}, 
booktitle={Computers, Networks, Systems and Industrial Engineering (CNSI), 2011 First ACIS/JNU International Conference on}, 
title={One-way Delay Estimation Using Packet Intervals for Efficient Retransmission}, 
year={2011}, 
month={May}, 
volume={}, 
number={}, 
pages={364 -369}, 
keywords={QoS;efficient retransmission;one-way delay estimation;packet intervals;data communication;delay estimation;multimedia communication;quality of service;telecommunication traffic;transport protocols;}, 
doi={10.1109/CNSI.2011.62}, 
ISSN={},}

